@book{1-Bombieri1974,
     author = {Bombieri, Enrico},
     title = {Le grand crible dans la th\'eorie analytique des nombres},
     series = {Ast\'erisque},
     publisher = {Soci\'et\'e math\'ematique de France},
     number = {18},
     year = {1974},
     zbl = {0618.10042},
     mrnumber = {891718},
     language = {fr},
     url = {http://www.numdam.org/item/AST_1987__18__1_0/}
}

@book{2-davenport2013multiplicative,
  title={Multiplicative Number Theory},
  author={Davenport, H. and Montgomery, H.L.},
  isbn={9781475759273},
  lccn={80026329},
  series={Graduate Texts in Mathematics},
  url={https://books.google.com/books?id=SFztBwAAQBAJ},
  year={2013},
  publisher={Springer New York}
}

@article{3-Deuring1935berDT,
  title={{\"U}ber den Tschebotareffschen Dichtigkeitssatz},
  author={Max Deuring},
  journal={Mathematische Annalen},
  year={1935},
  volume={110},
  pages={414-415},
  doi = {10.1007/BF01448036}
}

@article{4.1-Fogels1961,
author = {Fogels, E},
journal = {Acta Arithmetica},
keywords = {number theory},
language = {eng},
number = {2},
pages = {87-106},
title = {On The zeros of Hecke's L-functions I},
url = {http://eudml.org/doc/207002},
volume = {7},
year = {1961},
}

@article{4.2-Fogels1961,
author = {Fogels, E},
journal = {Acta Arithmetica},
keywords = {number theory},
language = {eng},
number = {2},
pages = {131-147},
title = {On the zeros of Hecke's L-functions II},
url = {http://eudml.org/doc/206994},
volume = {7},
year = {1961},
}

@article{4.3-Fogels1963,
author = {Fogels, E},
journal = {Acta Arithmetica},
keywords = {zeros of Hecke’s -functions},
language = {eng},
number = {3},
pages = {225-240},
title = {On the zeros of Hecke's L-functions III},
url = {http://eudml.org/doc/207003},
volume = {7},
year = {1963},
}

@article{5-goldstein1970,
 ISSN = {00029947},
 URL = {http://www.jstor.org/stable/1995404},
 abstract = {The uniform prime number theorem for primes in arithmetic progressions is generalized to the setting of Hecke $L$-series.},
 author = {Larry Joel Goldstein},
 journal = {Transactions of the American Mathematical Society},
 number = {2},
 pages = {417--429},
 publisher = {American Mathematical Society},
 title = {A Generalization of the Siegel-Walfisz Theorem},
 urldate = {2022-10-17},
 volume = {149},
 year = {1970}
}

@incollection{6-Hilbronn1967,
  title = {Zeta-functions and L-functions},
  author = {H. Heilbronn},
  booktitle={Algebraic Number Theory},
  editor={Cassels, J.W.S. and Fr{\"o}hlich, A. and London Mathematical Society},
  isbn={9780122689505},
  url={https://www.math.arizona.edu/~cais/scans/Cassels-Frohlich-Algebraic_Number_Theory.pdf},
  year={1967},
  publisher={Acad. Press},
  pages = {204-230},
}

@article{7-lagarias1979,
    title={A bound for the least prime ideal in the Chebotarev density theorem}, 
    volume={54},
    DOI={10.1007/bf01390234}, 
    number={3},
    journal={Inventiones Mathematicae},
    author={Lagarias, J. C. and Montgomery, H. L. and Odlyzko, A. M.}, 
    year={1979}, 
    pages={271–296}
}

@article{8-lang1971,
title={On the zeta function of number fields},
volume={12},
DOI={10.1007/bf01403312},
number={4},
journal={Inventiones Mathematicae},
author={Lang, Serge},
year={1971},
pages={337–345}
} 

@article{9-maccluer1968,
author = {MacCluer, Charles},
year = {1968},
month = {01},
pages = {45-47},
title = {A reduction of the Cebotarev density theorem to the cyclic case},
volume = {15},
journal = {Acta Arithmetica},
doi = {10.4064/aa-15-1-45-47}
}

@inproceedings{11-odlyzko1977,
  author       = {A.M. Odlyzko},
  title        = {On Conductors and Discriminants},
  booktitle    = {Algebraic Number Fields: (L-functions and Galois properties)},
  year         = {1977},
  editor       = {A. Fr\"olich},
  pages        = {377-407},
  publisher    = {Academic Press},
}

@article{12-Sokolovskii,
title = {Теорема о нулях дзета-функции Дедекинда и расстояние между "соседними" простыми идеалами},
author = {A.V. Sokolovskii},
doi = {10.4064/aa-13-3-321-334},
journal = {arta arith.},
volume = {13},
pages = {321-334},
year = {1968},
}

@article{13-Stark1974,
author = {Stark, H.M.},
journal = {Inventiones mathematicae},
pages = {135-152},
title = {Some Effective Cases of the Brauer-Siegel Theorem.},
url = {http://eudml.org/doc/142257},
volume = {23},
year = {1974},
}

%%new edition
@book{14-titchmarsh1986theory,
  title={The Theory of the Riemann Zeta-function},
  author={Titchmarsh and Heath-Brown, D.R.},
  isbn={9780198533696},
  lccn={lc86012520},
  series={Oxford science publications},
  url={https://sites.math.rutgers.edu/~zeilberg/EM18/TitchmarshZeta.pdf},
  year={1986},
  publisher={Clarendon Press}
}

@article{15-Tschebotareff1926,
author = {Tschebotareff, N.},
journal = {Mathematische Annalen},
pages = {191-228},
title = {Die Bestimmung der Dichtigkeit einer Menge von Primzahlen, welche zu einer gegebenen Substitutionsklasse gehören},
url = {http://eudml.org/doc/159125},
volume = {95},
year = {1926},
}

@book{16-waerden1970,
  author    = {van der Waerden, B.L.},
  publisher = {Springer New York, NY},
  url       = {http://www.ru.ac.bd/stat/wp-content/uploads/sites/25/2019/03/104_09_01_van-der-Waerden-B.L.-Modern-Algebra-I-1949.pdf},
  date      = {1970},
  isbn      = {978-0-387-40624-4},
  title     = {Modern Algebra},
}

@book{17-whittaker1996course,
  title={A Course of Modern Analysis},
  author={Whittaker, E.T. and Watson, G.N.},
  isbn={9780521588072},
  lccn={44000344},
  url={http://theory.fi.infn.it/colomo/metodi_old/Whittaker-Watson.pdf},
  year={1996},
  publisher={Cambridge University Press}
}

@article{10-Moreno,
Title = {PLEASE FIX},
}